@inproceedings{Koskimies91,
  author    = {Kai Koskimies},
  title     = "{Object-Orientation in Attribute Grammars}",
  booktitle = "{Attribute Grammars, Applications and Systems, International Summer
               School SAGA 1991, Proceedings}",
  year      = {1991},
  pages     = {297--329},
  series    = {LNCS},
  volume    = {545},
  publisher = {Springer},
}

@inproceedings{Hughes95,
  author    = {John Hughes},
  title     = "{The Design of a Pretty-printing Library}",
  booktitle = "{Advanced Functional Programming, First International Spring School
               on Advanced Functional Programming Techniques, AFP 1995, Tutorial Text}",
  year      = {1995},
  pages     = {53--96},
  series    = {LNCS},
  volume    = {925},
  publisher = {Springer},
}

@article{Reynolds98,
  author    = {John C. Reynolds},
  title     = "{Definitional Interpreters for Higher-Order Programming Languages}",
  journal   = {Higher-Order and Symbolic Computation},
  year      = {1998},
  volume    = {11},
  number    = {4},
  pages     = {363--397},
}

@inproceedings{SirerB99,
  author    = {Emin G{\"{u}}n Sirer and
               Brian N. Bershad},
  title     = "{Using production grammars in software testing}",
  booktitle = "{Proceedings of the Second Conference on Domain-Specific Languages
               {(DSL} 1999)}",
  year      = {1999},
  pages     = {1--13},
  publisher = {{ACM}},
}

@inproceedings{Sheard01,
  author    = {Tim Sheard},
  title     = "{Accomplishments and Research Challenges in Meta-programming}",
  booktitle = "{Semantics, Applications, and Implementation of Program Generation,
               Second International Workshop, {SAIG} 2001, Proceedings}",
  year      = {2001},
  pages     = {2--44},
  series    = {LNCS},
  volume    = {2196},
  publisher = {Springer},
}

@inproceedings{KurtevBA02,
    author = {Ivan Kurtev and Jean B\'ezivin and Mehmet Aksit},
    title = "{Technological spaces: An initial appraisal}",
    booktitle = "{Proceedings of CoopIS, DOA'2002 Federated Conferences, Industrial track}",
    year = {2002},
    note = "6 pages"
}

@article{Thomas03,
  author    = {Dave A. Thomas},
  title     = "{The Impedance Imperative - Tuples + Objects + Infosets = Too Much
               Stuff!}",
  journal   = {Journal of Object Technology},
  year      = {2003},
  volume    = {2},
  number    = {5},
  pages     = {7--12},
}

@inproceedings{Hainaut06,
  author    = {Jean{-}Luc Hainaut},
  title     = "{The Transformational Approach to Database Engineering}",
  booktitle = "{Generative and Transformational Techniques in Software Engineering,
               International Summer School, {GTTSE} 2005, Revised Papers}",
  year      = {2006},
  pages     = {95--143},
  series    = {LNCS},
  volume    = {4143},
  publisher = {Springer},
}

@inproceedings{Bezivin06,
  author    = {Jean B{\'{e}}zivin},
  title     = "{Model Driven Engineering: An Emerging Technical Space}",
  booktitle = "{Generative and Transformational Techniques in Software Engineering,
               International Summer School, {GTTSE} 2005, Revised Papers}",
  pages     = {36--64},
  series    = {LNCS},
  year      = {2006},
  volume    = {4143},
  publisher = {Springer},
}

@inproceedings{HappelS06,
  author = "{Hans-J{\"o}rg} Happel and Stefan Seedorf",
  title =  "{Applications of Ontologies in Software Engineering}",
  booktitle = "{Proceedings of International Workshop on Semantic Web Enabled Software Engineering (SWESE 2006)}",
  year = {2006},
  note = "14 pages"
}

@inproceedings{BezivinBFGJKKP06,
  author    = {Jean B{\'{e}}zivin and
               Salim Bouzitouna and
               Marcos Didonet Del Fabro and
               Marie{-}Pierre Gervais and
               Fr{\'{e}}d{\'{e}}ric Jouault and
               Dimitrios S. Kolovos and
               Ivan Kurtev and
               Richard F. Paige},
  title     = "{A Canonical Scheme for Model Composition}",
  booktitle = "{Model Driven Architecture - Foundations and Applications, Second European
               Conference, {ECMDA-FA} 2006, Proceedings}",
  pages     = {346--360},
  series    = {LNCS},
  year      = {2006},
  volume    = {4066},
  publisher = {Springer},
}

@inproceedings{BravenboerTV06,
  author    = {Martin Bravenboer and
               {\'{E}}ric Tanter and
               Eelco Visser},
  title     = "{Declarative, formal, and extensible syntax definition for AspectJ}",
  booktitle = "{Proceedings of the 21th Annual {ACM} {SIGPLAN} Conference on Object-Oriented
               Programming, Systems, Languages, and Applications, {OOPSLA} 2006}",
  year      = {2006},
  pages     = {209--228},
  publisher = {{ACM}},
}

@inproceedings{AlvesV09,
  author    = {Tiago L. Alves and
               Joost Visser},
  title     = "{A Case Study in Grammar Engineering}",
  booktitle = "{Software Language Engineering, First International Conference, {SLE}
               2008, Revised Selected Papers}",
  pages     = {285--304},
  series    = {LNCS},
  year      = {2009},
  volume    = {5452},
  publisher = {Springer},
}

@inproceedings{HeidenreichJSWB09,
  author    = {Florian Heidenreich and
               Jendrik Johannes and
               Mirko Seifert and
               Christian Wende and
               Marcel B{\"{o}}hme},
  title     = "{Generating safe template languages}",
  booktitle = "{Generative Programming and Component Engineering, 8th International
               Conference, {GPCE} 2009, Proceedings}",
  year      = {2009},
  pages     = {99--108},
  publisher = {{ACM}},
}

@inproceedings{Wachsmuth09,
  author    = {Guido Wachsmuth},
  title     = "{A Formal Way from Text to Code Templates}",
  booktitle = "{Fundamental Approaches to Software Engineering, 12th International
               Conference, {FASE} 2009, Proceedings}",
  pages     = {109--123},
  series    = {LNCS},
  year      = {2009},
  volume    = {5503},
  publisher = {Springer},
}

@article{Moody09,
  author    = {Daniel L. Moody},
  title     = "{The "Physics" of Notations: Toward a Scientific Basis for Constructing Visual Notations in Software Engineering}",
  journal   = {{IEEE} Trans. Software Eng.},
  year      = {2009},
  volume    = {35},
  number    = {6},
  pages     = {756--779},
}

@inproceedings{RenggliGN10,
  author    = {Lukas Renggli and
               Tudor G{\^{\i}}rba and
               Oscar Nierstrasz},
  title     = "{Embedding Languages without Breaking Tools}",
  booktitle = "{ECOOP 2010 - Object-Oriented Programming, 24th European Conference, Proceedings}",
  year      = {2010},
  pages     = {380--404},
  series    = {LNCS},
  volume    = {6183},
  publisher = {Springer},
}

@inproceedings{HerrmannsdoerferVW11,
  author    = {Markus Herrmannsdoerfer and
               Sander Vermolen and
               Guido Wachsmuth},
  title     = "{An Extensive Catalog of Operators for the Coupled Evolution of Metamodels
               and Models}",
  booktitle = "{Software Language Engineering - Third International Conference, {SLE}
               2010, Revised Selected Papers}",
  pages     = {163--182},
  series    = {LNCS},
  year      = {2011},
  volume    = {6563},
  publisher = {Springer},
}

@inproceedings{Cordy11,
  author    = {James R. Cordy},
  title     = "{Excerpts from the {TXL} Cookbook}",
  booktitle = "{Generative and Transformational Techniques in Software Engineering
               {III} - International Summer School, {GTTSE} 2009, Revised Papers}",
  pages     = {27--91},
  series    = {LNCS},
  year      = {2011},
  volume    = {6491},
  publisher = {Springer},
}

@inproceedings{ErwigW12a,
  author    = {Martin Erwig and
               Eric Walkingshaw},
  title     = "{Semantics First! - Rethinking the Language Design Process}",
  booktitle = "{Software Language Engineering - 4th International Conference, {SLE}
               2011, Revised Selected Papers}",
  pages     = {243--262},
  series    = {LNCS},
  year      = {2012},
  volume    = {6940},
  publisher = {Springer},
}

@inproceedings{CookL11,
  author    = {William R. Cook and
               Ralf L{\"{a}}mmel},
  title     = "{Tutorial on Online Partial Evaluation}",
  booktitle = "{Proceedings {IFIP} Working Conference on Domain-Specific Languages,
               {DSL} 2011}",
  pages     = {168--180},
  series    = {{EPTCS}},
  year      = {2011},
  volume    = {66},
}

@article{JezequelCDGR12,
  author    = {Jean{-}Marc J{\'{e}}z{\'{e}}quel and
               Beno{\^{\i}}t Combemale and
               Steven Derrien and
               Clement Guy and
               Sanjay V. Rajopadhye},
  title     = "{Bridging the chasm between {MDE} and the world of compilation}",
  journal   = "{Software and System Modeling}",
  year      = {2012},
  volume    = {11},
  number    = {4},
  pages     = {581--597},
}

@article{MullerFBC12,
  author    = {Pierre{-}Alain Muller and
               Fr{\'{e}}d{\'{e}}ric Fondement and
               Benoit Baudry and
               Beno{\^{\i}}t Combemale},
  title     = "{Modeling modeling modeling}",
  journal   = {Software and System Modeling},
  year      = {2012},
  volume    = {11},
  number    = {3},
  pages     = {347--359},
}

@inproceedings{VolterSBK14,
  author    = {Markus V{\"{o}}lter and
               Janet Siegmund and
               Thorsten Berger and
               Bernd Kolb},
  title     = "{Towards User-Friendly Projectional Editors}",
  booktitle = "{Software Language Engineering - 7th International Conference, {SLE}
               2014, Proceedings}",
  year      = {2014},
  pages     = {41--61},
  series    = {LNCS},
  volume    = {8706},
  publisher = {Springer},
}
