@inproceedings{Laemmel01,
  author    = {Ralf L{\"{a}}mmel},
  title     = "{Grammar Adaptation}",
  booktitle = "{Proceedings of FME 2001 (International Symposium of Formal Methods Europe)}",
  year      = {2001},
  pages     = {550--570},
  series    = {LNCS},
  volume    = {2021},
  publisher = {Springer},
}

@article{RoyCK09,
  author    = {Chanchal Kumar Roy and
               James R. Cordy and
               Rainer Koschke},
  title     = {Comparison and evaluation of code clone detection techniques
               and tools: A qualitative approach},
  journal   = {Sci. Comput. Program.},
  volume    = {74},
  number    = {7},
  year      = {2009},
  pages     = {470-495},
}

@inproceedings{Reynolds72,
 author = {Reynolds, John C.},
 title = "{Definitional interpreters for higher-order programming languages}",
 booktitle = "{Proceedings of the ACM annual conference - Volume 2}",
 series = {ACM '72},
 year = {1972},
 pages = {717--740},
 publisher = {ACM},
 keywords = {Applicative language, Closure, Continuation, GEDANKEN, Higher-order function, Interpreter, J-operator, LISP, Lambda calculus, Language definition, Order of application, PAL, Programming language, Reference, SECD machine},
}

@inproceedings{LaemmelM06a,
  author    = {Ralf L{\"a}mmel and
               Erik Meijer},
  title     = "{Mappings Make Data Processing Go 'Round}",
  pages     = {169-218},
  booktitle = "{Generative and Transformational Techniques in Software Engineering,
               International Summer School, GTTSE 2005, Revised Papers}",
  publisher = {Springer},
  series    = {LNCS},
  volume    = {4143},
  year      = {2006},
}

@inproceedings{LaemmelM06b,
  author    = {Ralf L{\"a}mmel and
               Erik Meijer},
  title     = "{Revealing the X/O Impedance Mismatch - (Changing Lead into
               Gold)}",
  pages     = {285-367},
  booktitle = "{Datatype-Generic Programming - International Spring School,
               SSDGP 2006, Revised Lectures}",
  publisher = {Springer},
  series    = {LNCS},
  volume    = {4719},
  year      = {2007},
}

@incollection{ErwigW12,
  author    = "Martin Erwig and Eric Walkingshaw",
  title     = "{Semantics-Driven DSL Design}",
  booktitle = "{Formal and Practical Aspects of Domain-Specific Languages: Recent Developments}",
  editor    = "Marjan Mernik",
  pages     = "56-80",
  year      = 2012,
  publisher = "IGI Global"
}

@article{KlintLV05,
  author    = "{Paul Klint and
               Ralf L{\"a}mmel and
               Chris Verhoef}",
  title     = "{Toward an engineering discipline for grammarware}",
  journal   = {ACM Trans. Softw. Eng. Methodol.},
  volume    = {14},
  number    = {3},
  year      = {2005},
  pages     = {331-380}
}

@article{Tratt08,
  author    = {Laurence Tratt},
  title     = "{Domain specific language implementation via compile-time meta-programming}",
  journal   = {ACM Trans. Program. Lang. Syst.},
  volume    = {30},
  number    = {6},
  year      = {2008},
}